@book{motorControl,
  title={{Electric Machines}},
  author={G. R. Slemon and A. Straughn},
  year={1982},
  publisher={Addison-Wesley}
}

@INBOOK{current,
  title={{MECHATRONICS An Integrated Approach}},
  author={Clarence W. de Silva},
  year={2005},
  pages={789},
  publisher={CRC Press LLC}
}

@Misc{voltage,
    title = {{Speed and Torque Control}},
    author={NGUYEN Phuc},
    year={July 9, 2009,},
    publisher={Connexions},
    note={\url{http://cnx.org/content/m28695/1.1/}}
}
