%FOR EXAMPLES - NOT USED
@article{s:source1,
  title={{Toxicity and tolerance of aluminium in vascular plants}},
  author={Andersson, M.},
  journal={Water, Air, \& Soil Pollution},
  volume={39},
  number={3},
  pages={439--462},
  year={1988},
  publisher={Springer}
}

%FOR EXAMPLES - NOT USED
@Misc{s:source2,
    title = {{2001 Census: Families and households profile: Canada}},
    organization={Statistics Canada},
    year={2001},
    note={\url{http://www12.statcan.ca/english/census01/products/analytic/companion/fam/canada.cfm}}
}


@inproceedings{wearable,
  title = {{Wearable Computers as Packet Transport Mechanisms in Highly-Partitioned Ad-Hoc Networks}},
  author = {Davis, J. A. and Fagg, A. H. and Levine, B. N.},
  year = {2001},
  month = {October},
  day = {08-09},
  booktitle = {In Proceedings of the 5th IEEE international Symposium on Wearable Computers },
  address = {IEEE Computer Society, Washington, DC, 141}
}

@inproceedings{adhocmsgferry,
	title = {{A message ferrying approach for data delivery in sparse mobile ad hoc networks}},
	author = {W Zhao, and M Ammar, and E Zegura},
	booktitle = {Proceedings of the 5th ACM international symposium on Mobile ad hoc networking and computing},
}