
@article{paper,
	title = {{Robust Control Design for Nonlinear Magnetic
Levitation System using Quantitative Feedback
Theory (QFT)}},
	author = {P. S. V. Nataraj and Mukesh D. Patil},
	journal = {IEEE},
	year = 2008
}

@manual{manual,
	title = {{Manual For Model 730 Magnetic Levitation System}},
	author = {Educational Control Products},
 	year = {1999},
 	address = {1 Buckskin Court, Bell Canyon, California 91307}
}
